@book{box70, 
author = "Box, G. E. P. and Jenkins, G. M.", 
year = 1970, 
title = "Time Series Analysis:  Forecasting and Control", 
publisher = "Holden--Day",
address = "San Francisco",
edition = "First"
}

@Article{breto14,
 xDoi = {http://dx.doi.org/10.1016/j.spl.2014.04.003},
 Doi = {10.1016/j.spl.2014.04.003},
 Title = {On idiosyncratic stochasticity of financial leverage effects},
 Journal = {Statistics \& Probability Letters},
 Volume = {91},
 Pages = {20--26},
 Year = {2014},
 Author = {Carles Bret\'{o}},
}


@Book{cowpertwait09,
  Title={Introductory time series with {R}},
  Author={Cowpertwait, Paul SP and Metcalfe, Andrew V},
  Year={2009},
  Publisher={Springer Science \& Business Media}
}

@book{faraway02,
  title={Practical regression and {ANOVA} using {R}},
  author={Faraway, Julian James},
  year={2002},
  url={https://cran.r-project.org/doc/contrib/Faraway-PRA.pdf}
}

@misc{gao16,
 year={2016},
 title={{STATS/DATASCI} 531 homework 5 report},
 author={Gao, Xiang}
}

@article{hodrick97,
  author = {Hodrick, Robert J. and Prescott, Edward C.},
  journal = {Journal of Money, Credit and Banking},
  month = {feb},
  number = {1},
  pages = {1--16},
  publisher = {Ohio State University Press},
  title = {Postwar {U.S}. Business Cycles: An Empirical Investigation},
  volume = {29},
  year = {1997},
}

@article{ionides13-aoas, 
author = {Ionides, E. L. and Wang, Z. and Tapia Granados, J. A.},
year = 2013, 
title = {Macroeconomic effects on mortality revealed by panel analysis with nonlinear trends},
journal = {Annals of Applied Statistics},
volume = {7}, 
pages = {1362--1385}
}


@Article{ionides15,
 Author = {Ionides, Edward L. and Nguyen, Dao and Atchad\'{e}, Yves and Stoev, Stilian and King, Aaron A.}, 
 Title = {Inference for dynamic and latent variable models via iterated, perturbed {B}ayes maps},
 Year = {2015}, 
 Doi = {10.1073/pnas.1410597112}, 
 xURL = {http://www.pnas.org/content/early/2015/01/07/1410597112.abstract}, 
 Journal = {Proceedings of the National Academy of Sciences of the U.S.A.},
 Volume = {112},
 Number =  {3},
 Pages = {719--724}
}

@article{kastner16,
  title={Dealing with stochastic volatility in time series using the {R} package stochvol},
  author={Kastner, Gregor},
  journal={Journal of Statistical Software},
  doi={10.18637/jss.v069.i05},
  volume={69},
  year={2016}
}

@article{kim98,
  title={Stochastic volatility: Likelihood inference and comparison with {ARCH} models},
  author={Kim, Sangjoon and Shephard, Neil and Chib, Siddhartha},
  journal={The review of economic studies},
  volume={65},
  number={3},
  pages={361--393},
  year={1998},
  publisher={Wiley-Blackwell}
}

@Article{king16,
  author    = {King, Aaron A. and Nguyen, Dao and Ionides, Edward L.},
  title     = {Statistical Inference for Partially Observed {Markov} Processes via the {R} Package pomp},
  doi       = {10.18637/jss.v069.i12},
  number    = {12},
  pages     = {1--43},
  volume    = {69},
  journal   = {Journal of Statistical Software},
  month     = mar,
  year      = {2016},
}

@Article{liu98,
    Author = {Liu, Jun S. and Chen, Rong},
    Title = {Sequential {M}onte {C}arlo methods for dynamic systems},
    Year = {1998},
    Journal = {Journal of the American Statistical Association},
    Doi={10.1080/01621459.1998.10473765},
    Volume = {93},
    Pages = {1032--1044}
}

@misc{nasa17,
  title={The Sunspot Cycle},
  year={2017},
  url={https://solarscience.msfc.nasa.gov/SunspotCycle.shtml},
  author={National Aeronautics and Space Administration}
}

@misc{notes531,
 title={Notes for {STATS}/{DATASCI} 531, {M}odeling and {A}nalysis of {T}ime {S}eries {D}ata},
 author={Ionides, Edward},
 year={2022},
 url={https://ionides.github.io/531w22/}
}

@book{newton1687,
  title={Philosophiae Naturalis Principia Mathematica},
  author={Newton, Isaac},
  year={1687},
  xpublisher={Halley, London}
}

@Article{ogburn22,   
     Title = {The Influence of the Business Cycle on Certain Social Conditions},
     Author = {Ogburn, William F. and Thomas, Dorothy S.},
     Journal = {Journal of the American Statistical Association},
     Volume = {18},
     Number = {139},
     Pages = {324--340},
     Year = {1922},
     Publisher = {American Statistical Association},
}

@misc{rehnberg,
 year={2018},
 title={{STATS/DATASCI} 531 homework 3 report},
 author={Rehnberg, Zoe}
}

@book{shumway17,
  title={Time Series Analysis and its Applications: With {R} Examples},
  author={Shumway, Robert H and Stoffer, David S},
  year={2017},
  publisher={Springer},
  edition={4th}
}

@article{sismid,
 title={Simulation-Based Inference for Epidemiological Dynamics},
 journal={Summer Institute in Statistics and Modeling in Infectious Diseases},
 author={King, Aaron A and Ionides, Edward L and Lin, Qianying},
 year={2021},
 url={https://kingaa.github.io/sbied/}
}

@article{tapia14,
author = {Tapia Granados, Jos\'{e} A. and House, James S. and Ionides, Edward L. and Burgard, Sarah and Schoeni, Robert S.}, 
title = {Individual Joblessness, Contextual Unemployment, and Mortality Risk},
volume = {180}, 
number = {3}, 
pages = {280-287}, 
year = {2014}, 
xdoi = {10.1093/aje/kwu128}, 
journal = {American Journal of Epidemiology} 
}

@article{venables21,
  title={An introduction to R (Version 4.1.2)},
  author={Venables, William N and Smith, David M and R Development Core Team},
  year={2021},
  url={https://cran.r-project.org/doc/manuals/r-release/R-intro.pdf}
}

@book{wickham19,
  title={Advanced {R}},
  author={Wickham, Hadley},
  year={2019},
  url={http://adv-r.had.co.nz/},
  publisher={CRC press}
}

@misc{wiki:confidence_interval,
   author = {Wikipedia contributors},
   title = {Confidence interval, Definition},
   year = {2022},
   url = {https://en.wikipedia.org/wiki/Confidence_interval#Definition},
   note = {Accessed 24 January 2022}
 }


@book{rice07,
  title={Mathematical statistics and data analysis},
  author={Rice, John A},
  volume={371},
  year={2007},
  edition={3},
  publisher={Thomson/Brooks/Cole Belmont, CA}
}

@article{rahimtoola04,
  author = {Shahbudin H. Rahimtoola },
  title = {Digitalis Therapy for Patients in Clinical Heart Failure},
  journal = {Circulation},
  volume = {109},
  number = {24},
  pages = {2942-2946},
  year = {2004},
  xdoi = {10.1161/01.CIR.0000132477.32438.03},
  xURL = {https://www.ahajournals.org/doi/abs/10.1161/01.CIR.0000132477.32438.03},
  xeprint = {https://www.ahajournals.org/doi/pdf/10.1161/01.CIR.0000132477.32438.03}
}

@article{beller71,
  title={Digitalis intoxication: a prospective clinical study with serum level correlations},
  author={Beller, George A and Smith, Thomas W and Abelmann, Walter H and Haber, Edgar and Hood Jr, William B},
  journal={New England Journal of Medicine},
  volume={284},
  number={18},
  pages={989--997},
  year={1971},
  publisher={Mass Medical Soc}
}

@book{glass13,
  title={Social mobility in Britain},
  author={Glass, David Victor},
  year={2013},
  publisher={Routledge}
}

@article{eddy82,
  title={Probabilistic reasoning in clinical medicine: Problems and opportunities},
  author={Eddy, D.},
  journal={Judgment under uncertainty: Heuristics and biases},
  pages={249--267},
  year={1982}
}

@article{gastwirth87,
  title={The statistical precision of medical screening procedures: application to polygraph and AIDS antibodies test data},
  author={Gastwirth, Joseph L},
  journal={Statistical Science},
  volume={2},
  number={3},
  pages={213--222},
  year={1987},
  publisher={Institute of Mathematical Statistics}
}

@misc{wiki:poisson,
   author = {{Wikipedia contributors}},
   title = {Poisson distribution},
   year = {2025},
   url = {https://en.wikipedia.org/wiki/Poisson\_distribution},
   note = {Accessed 14 August 2025}
 }
 
@misc{wiki:edf,
    author = "{Wikipedia contributors}",
    title = "Empirical distribution function --- {Wikipedia}{,} The Free Encyclopedia",
    year = "2025",
    howpublished = "\url{https://en.wikipedia.org/w/index.php?title=Empirical_distribution_function&oldid=1300940691}",
    note = "[Online; accessed 14-August-2025]"
  }
  
@book{casella24,
  title={Statistical inference},
  author={Casella, George and Berger, Roger},
  year={2024},
  publisher={Chapman and Hall/CRC}
}

@book{resnick19,
  title={A probability path},
  author={Resnick, Sidney},
  year={2019},
  publisher={Springer}
}

@misc{wikiSklar,
    author = "{Wikipedia contributors}",
    title = "Copula (statistics)\#Sklar's Theorem: {Wikipedia}{,} The Free Encyclopedia",
    year = "2025",
    url = "https://en.wikipedia.org/w/index.php?title=Copula_(statistics)&oldid=1303484991",
    note = "[Online; accessed 18-August-2025]"
  }

